<collection xmlns="http://www.loc.gov/MARC21/slim">
<record>
  <leader>01228nam0a22002531i 450 </leader>
  <controlfield tag="001">IT\ICCU\CNCE\080386</controlfield>
  <controlfield tag="005">20200929000000.0</controlfield>
  <datafield tag="012" ind1=" " ind2=" ">
    <subfield code="a">tota a.a. anta gaqu (C) 1535 (R)</subfield>
    <subfield code="2">fei</subfield>
  </datafield>
  <datafield tag="100" ind1=" " ind2=" ">
    <subfield code="a">20200929d1535        0itac0103    ba</subfield>
  </datafield>
  <datafield tag="101" ind1=" " ind2=" ">
    <subfield code="a">ITA</subfield>
  </datafield>
  <datafield tag="102" ind1=" " ind2=" ">
    <subfield code="a">IT</subfield>
  </datafield>
  <datafield tag="200" ind1="1" ind2=" ">
    <subfield code="a">℗El ℗triumopho \!! di ricette &amp; secreti bellissimi composto per Giouanbattista Verini fiorentino, a comune beneficio di ciaschedun spirito gentile</subfield>
  </datafield>
  <datafield tag="210" ind1=" " ind2=" ">
    <subfield code="e">Stampato in la inclita citta di Milano</subfield>
    <subfield code="g">per Vincentio da Medda</subfield>
    <subfield code="g">ad instantia de Giouambattista Verini fiorentini \!!</subfield>
    <subfield code="h">1535 die xxv de Aprile</subfield>
  </datafield>
  <datafield tag="215" ind1=" " ind2=" ">
    <subfield code="a">\24! c.</subfield>
    <subfield code="d">8ʻ</subfield>
  </datafield>
  <datafield tag="517" ind1="1" ind2=" ">
    <subfield code="3">IT\ICCU\CNCE\080387</subfield>
    <subfield code="a">℗El ℗triumpho [!] di ricette &amp; secreti bellissimi</subfield>
  </datafield>
  <datafield tag="620" ind1=" " ind2=" ">
    <subfield code="a">IT</subfield>
    <subfield code="d">Milano</subfield>
  </datafield>
  <datafield tag="700" ind1=" " ind2="1">
    <subfield code="a">Verini,</subfield>
    <subfield code="b">Giovanni Battista</subfield>
    <subfield code="3">IT\ICCU\CNCA\009641</subfield>
  </datafield>
  <datafield tag="712" ind1="0" ind2="0">
    <subfield code="a">Meda, Vincenzo</subfield>
    <subfield code="3">IT\ICCU\CNCT\000225</subfield>
    <subfield code="4">650</subfield>
  </datafield>
  <datafield tag="712" ind1="0" ind2="0">
    <subfield code="a">Verini, Giovanni Battista</subfield>
    <subfield code="3">IT\ICCU\CNCT\000392</subfield>
    <subfield code="4">650</subfield>
  </datafield>
  <datafield tag="790" ind1=" " ind2="1">
    <subfield code="a">Verinis,</subfield>
    <subfield code="b">Johannes Baptista : de</subfield>
    <subfield code="3">IT\ICCU\CNCA\025675</subfield>
    <subfield code="z">Verini, Giovanni Battista</subfield>
  </datafield>
  <datafield tag="791" ind1="0" ind2="0">
    <subfield code="a">Gallus, Vincentius</subfield>
    <subfield code="3">IT\ICCU\CNCT\003826</subfield>
    <subfield code="z">Meda, Vincenzo</subfield>
  </datafield>
  <datafield tag="791" ind1="0" ind2="0">
    <subfield code="a">Medda, Vincentius</subfield>
    <subfield code="3">IT\ICCU\CNCT\005149</subfield>
    <subfield code="z">Meda, Vincenzo</subfield>
  </datafield>
  <datafield tag="801" ind1=" " ind2="3">
    <subfield code="a">IT</subfield>
    <subfield code="b">ICCU</subfield>
    <subfield code="c">20201115</subfield>
  </datafield>
  <datafield tag="899" ind1=" " ind2=" ">
    <subfield code="a">Biblioteca estera - National Library of Israel. </subfield>
  </datafield>
</record>
</collection>
